@misc
{navier_stokes_equations,
title={La mystérieuse équation de Navier-Stokes},
author={David Louapre},
note={https://sciencetonnante.wordpress.com/2014/03/03/la-mysterieuse-equation-de-navier-stokes/}
}

@Article{diff_eq_with_neural_network,
author={Martin Magill, Faisal Z. Qureshi, Hendrick W. de Haan},
journal={32nd Conference on Neural Information Processing Systems (NeurIPS 2018), Montréal, Canada.},
title={Neural Networks Trained to Solve DifferentialEquations Learn General Representations},
year={2018},
pages={1},
}

@Article{hard_constraint,
author={Pablo M arquez-Neila, Mathieu Salzmann, Pascal Fua},
title={Imposing Hard Constraints on Deep Networks: Promises and Limitations},
year={2017},
month={jun},
pages={1},
}

@misc
{qmaze,
title={La mystérieuse équation de Navier-Stokes},
author={Samy Zafrany},
note={https://www.samyzaf.com/ML/rl/qmaze.html}
}
